@book{FreundSchapire1996, 
title={Experiments with a New Boosting Algorithm},
author={Yoav Freund, Robert E. Schapire},
isbn={},
url={https://cseweb.ucsd.edu/~yfreund/papers/boostingexperiments.pdf},
year={1996},
publisher={}
}

@book{FreundSchapire1997, 
title={A Decision-Theoretic Generalization of On-Line Learning and an Application to Boosting},
author={Yoav Freund, Robert E. Schapire},
isbn={},
url={https://www.face-rec.org/algorithms/Boosting-Ensemble/decision-theoretic_generalization.pdf},
year={1996},
publisher={}
}

@Article{Longadage-2013,
title = "Class Imbalance Problem in Data Mining: Review",
author = {"Rushi Longadge", "Snehlata S. Dongre", "Latesh Malik"},
journal = "{International Journal of Computer Science and Network}",
volume* = "2",
year = "2013",
month = "February",
}

@online{educba,
title = {Educba, https://www.educba.com/adaboost-algorithm}
url = "https://www.educba.com/adaboost-algorithm/"
}

@online{corporatefinanceinstitute,
title = {Corporate Finance Institute, https://corporatefinanceinstitute.com}
url = "https://corporatefinanceinstitute.com/resources/knowledge/other/boosting/#:~:text=Boosting%20is%20an%20algorithm%20that,combining%20N%20number%20of%20learners."
}
